<?xml version="1.0" encoding="UTF-8"?><collection xmlns="http://www.loc.gov/MARC21/slim"><record><leader>00421nam--2200145-i-4500</leader><controlfield tag="001">000001942</controlfield><controlfield tag="002">20161230</controlfield><controlfield tag="005">20161230201024</controlfield><controlfield tag="008">060222s1000------------r-----000-0-eng-d</controlfield><datafield ind1=" " ind2=" " tag="080"><subfield code="a">519.283:338:658.15</subfield></datafield><datafield ind1=" " ind2=" " tag="100"><subfield code="a">Dorfman, R., Samuelson, P.A., Solow, R.W</subfield></datafield><datafield ind1=" " ind2=" " tag="245"><subfield code="a">Linear programming and economic analysis</subfield></datafield><datafield ind1=" " ind2=" " tag="260"><subfield code="a">New York, Mcgraw-hill Book Co.Inc., 1958. Ix + 527 P</subfield></datafield><datafield ind1=" " ind2=" " tag="490"><subfield code="a">The Rand Series</subfield></datafield><datafield ind1=" " ind2=" " tag="852"><subfield code="a">17290</subfield></datafield></record></collection>